%YAML 1.1
%TAG !u! tag:unity3d.com,2011:
--- !u!1 &7458431298471727731
GameObject:
  m_ObjectHideFlags: 0
  m_CorrespondingSourceObject: {fileID: 0}
  m_PrefabInstance: {fileID: 0}
  m_PrefabAsset: {fileID: 0}
  serializedVersion: 6
  m_Component:
  - component: {fileID: 7458431298471727734}
  - component: {fileID: 7458431298471727735}
  - component: {fileID: 7458431298471727728}
  - component: {fileID: 7458431298471727729}
  - component: {fileID: 7458431298471727730}
  m_Layer: 0
  m_Name: Battery Pickup
  m_TagString: Untagged
  m_Icon: {fileID: 0}
  m_NavMeshLayer: 0
  m_StaticEditorFlags: 0
  m_IsActive: 1
--- !u!4 &7458431298471727734
Transform:
  m_ObjectHideFlags: 0
  m_CorrespondingSourceObject: {fileID: 0}
  m_PrefabInstance: {fileID: 0}
  m_PrefabAsset: {fileID: 0}
  m_GameObject: {fileID: 7458431298471727731}
  m_LocalRotation: {x: 0, y: 0, z: 0, w: 1}
  m_LocalPosition: {x: -2.03, y: 1.79, z: -10.511}
  m_LocalScale: {x: 0.5, y: 0.5, z: 0.5}
  m_Children:
  - {fileID: 6074354737324455336}
  m_Father: {fileID: 0}
  m_RootOrder: 0
  m_LocalEulerAnglesHint: {x: 0, y: 0, z: 0}
--- !u!33 &7458431298471727735
MeshFilter:
  m_ObjectHideFlags: 0
  m_CorrespondingSourceObject: {fileID: 0}
  m_PrefabInstance: {fileID: 0}
  m_PrefabAsset: {fileID: 0}
  m_GameObject: {fileID: 7458431298471727731}
  m_Mesh: {fileID: 10208, guid: 0000000000000000e000000000000000, type: 0}
--- !u!23 &7458431298471727728
MeshRenderer:
  m_ObjectHideFlags: 0
  m_CorrespondingSourceObject: {fileID: 0}
  m_PrefabInstance: {fileID: 0}
  m_PrefabAsset: {fileID: 0}
  m_GameObject: {fileID: 7458431298471727731}
  m_Enabled: 1
  m_CastShadows: 1
  m_ReceiveShadows: 1
  m_DynamicOccludee: 1
  m_MotionVectors: 1
  m_LightProbeUsage: 1
  m_ReflectionProbeUsage: 1
  m_RenderingLayerMask: 1
  m_RendererPriority: 0
  m_Materials:
  - {fileID: 10303, guid: 0000000000000000f000000000000000, type: 0}
  m_StaticBatchInfo:
    firstSubMesh: 0
    subMeshCount: 0
  m_StaticBatchRoot: {fileID: 0}
  m_ProbeAnchor: {fileID: 0}
  m_LightProbeVolumeOverride: {fileID: 0}
  m_ScaleInLightmap: 1
  m_PreserveUVs: 0
  m_IgnoreNormalsForChartDetection: 0
  m_ImportantGI: 0
  m_StitchLightmapSeams: 0
  m_SelectedEditorRenderState: 3
  m_MinimumChartSize: 4
  m_AutoUVMaxDistance: 0.5
  m_AutoUVMaxAngle: 89
  m_LightmapParameters: {fileID: 0}
  m_SortingLayerID: 0
  m_SortingLayer: 0
  m_SortingOrder: 0
--- !u!136 &7458431298471727729
CapsuleCollider:
  m_ObjectHideFlags: 0
  m_CorrespondingSourceObject: {fileID: 0}
  m_PrefabInstance: {fileID: 0}
  m_PrefabAsset: {fileID: 0}
  m_GameObject: {fileID: 7458431298471727731}
  m_Material: {fileID: 0}
  m_IsTrigger: 1
  m_Enabled: 1
  m_Radius: 0.95
  m_Height: 2.33
  m_Direction: 1
  m_Center: {x: 0, y: 0.26, z: 0}
--- !u!114 &7458431298471727730
MonoBehaviour:
  m_ObjectHideFlags: 0
  m_CorrespondingSourceObject: {fileID: 0}
  m_PrefabInstance: {fileID: 0}
  m_PrefabAsset: {fileID: 0}
  m_GameObject: {fileID: 7458431298471727731}
  m_Enabled: 1
  m_EditorHideFlags: 0
  m_Script: {fileID: 11500000, guid: a5453435b0724b94aa63a247bbbce21f, type: 3}
  m_Name: 
  m_EditorClassIdentifier: 
--- !u!1001 &6071929075091013002
PrefabInstance:
  m_ObjectHideFlags: 0
  serializedVersion: 2
  m_Modification:
    m_TransformParent: {fileID: 7458431298471727734}
    m_Modifications:
    - target: {fileID: 1628744458893394, guid: e243632bb3aff9549abdcfcc2ef0c4f0, type: 3}
      propertyPath: m_Name
      value: CFX3_Hit_Electric_C_Air
      objectReference: {fileID: 0}
    - target: {fileID: 4400389479008290, guid: e243632bb3aff9549abdcfcc2ef0c4f0, type: 3}
      propertyPath: m_LocalPosition.x
      value: 0
      objectReference: {fileID: 0}
    - target: {fileID: 4400389479008290, guid: e243632bb3aff9549abdcfcc2ef0c4f0, type: 3}
      propertyPath: m_LocalPosition.y
      value: 1
      objectReference: {fileID: 0}
    - target: {fileID: 4400389479008290, guid: e243632bb3aff9549abdcfcc2ef0c4f0, type: 3}
      propertyPath: m_LocalPosition.z
      value: 0
      objectReference: {fileID: 0}
    - target: {fileID: 4400389479008290, guid: e243632bb3aff9549abdcfcc2ef0c4f0, type: 3}
      propertyPath: m_LocalRotation.x
      value: 0
      objectReference: {fileID: 0}
    - target: {fileID: 4400389479008290, guid: e243632bb3aff9549abdcfcc2ef0c4f0, type: 3}
      propertyPath: m_LocalRotation.y
      value: 0
      objectReference: {fileID: 0}
    - target: {fileID: 4400389479008290, guid: e243632bb3aff9549abdcfcc2ef0c4f0, type: 3}
      propertyPath: m_LocalRotation.z
      value: 0
      objectReference: {fileID: 0}
    - target: {fileID: 4400389479008290, guid: e243632bb3aff9549abdcfcc2ef0c4f0, type: 3}
      propertyPath: m_LocalRotation.w
      value: 1
      objectReference: {fileID: 0}
    - target: {fileID: 4400389479008290, guid: e243632bb3aff9549abdcfcc2ef0c4f0, type: 3}
      propertyPath: m_RootOrder
      value: 0
      objectReference: {fileID: 0}
    - target: {fileID: 4400389479008290, guid: e243632bb3aff9549abdcfcc2ef0c4f0, type: 3}
      propertyPath: m_LocalEulerAnglesHint.x
      value: 0
      objectReference: {fileID: 0}
    - target: {fileID: 4400389479008290, guid: e243632bb3aff9549abdcfcc2ef0c4f0, type: 3}
      propertyPath: m_LocalEulerAnglesHint.y
      value: 0
      objectReference: {fileID: 0}
    - target: {fileID: 4400389479008290, guid: e243632bb3aff9549abdcfcc2ef0c4f0, type: 3}
      propertyPath: m_LocalEulerAnglesHint.z
      value: 0
      objectReference: {fileID: 0}
    - target: {fileID: 4400389479008290, guid: e243632bb3aff9549abdcfcc2ef0c4f0, type: 3}
      propertyPath: m_LocalScale.x
      value: 5
      objectReference: {fileID: 0}
    - target: {fileID: 4400389479008290, guid: e243632bb3aff9549abdcfcc2ef0c4f0, type: 3}
      propertyPath: m_LocalScale.y
      value: 5
      objectReference: {fileID: 0}
    - target: {fileID: 4400389479008290, guid: e243632bb3aff9549abdcfcc2ef0c4f0, type: 3}
      propertyPath: m_LocalScale.z
      value: 5
      objectReference: {fileID: 0}
    - target: {fileID: 198755127273645396, guid: e243632bb3aff9549abdcfcc2ef0c4f0,
        type: 3}
      propertyPath: playOnAwake
      value: 0
      objectReference: {fileID: 0}
    - target: {fileID: 198240264361987454, guid: e243632bb3aff9549abdcfcc2ef0c4f0,
        type: 3}
      propertyPath: playOnAwake
      value: 0
      objectReference: {fileID: 0}
    - target: {fileID: 198616579032010596, guid: e243632bb3aff9549abdcfcc2ef0c4f0,
        type: 3}
      propertyPath: playOnAwake
      value: 0
      objectReference: {fileID: 0}
    - target: {fileID: 198359957661721904, guid: e243632bb3aff9549abdcfcc2ef0c4f0,
        type: 3}
      propertyPath: playOnAwake
      value: 0
      objectReference: {fileID: 0}
    - target: {fileID: 198821592052895758, guid: e243632bb3aff9549abdcfcc2ef0c4f0,
        type: 3}
      propertyPath: playOnAwake
      value: 0
      objectReference: {fileID: 0}
    - target: {fileID: 198821592052895758, guid: e243632bb3aff9549abdcfcc2ef0c4f0,
        type: 3}
      propertyPath: UVModule.flipU
      value: 0
      objectReference: {fileID: 0}
    - target: {fileID: 198821592052895758, guid: e243632bb3aff9549abdcfcc2ef0c4f0,
        type: 3}
      propertyPath: UVModule.flipV
      value: 0
      objectReference: {fileID: 0}
    - target: {fileID: 199020907459637576, guid: e243632bb3aff9549abdcfcc2ef0c4f0,
        type: 3}
      propertyPath: m_Flip.x
      value: 1
      objectReference: {fileID: 0}
    - target: {fileID: 199020907459637576, guid: e243632bb3aff9549abdcfcc2ef0c4f0,
        type: 3}
      propertyPath: m_Flip.y
      value: 0.5
      objectReference: {fileID: 0}
    m_RemovedComponents:
    - {fileID: 114657699975798574, guid: e243632bb3aff9549abdcfcc2ef0c4f0, type: 3}
  m_SourcePrefab: {fileID: 100100000, guid: e243632bb3aff9549abdcfcc2ef0c4f0, type: 3}
--- !u!4 &6074354737324455336 stripped
Transform:
  m_CorrespondingSourceObject: {fileID: 4400389479008290, guid: e243632bb3aff9549abdcfcc2ef0c4f0,
    type: 3}
  m_PrefabInstance: {fileID: 6071929075091013002}
  m_PrefabAsset: {fileID: 0}
